

@book{coxeter73, 
	title="Regular Polytopes", 
	author="Harold Scott Macdonald Coxeter", 
	year="1973",
	ISBN="978-0486614809"
} 

@article{Khokhlov98,
	title = "Fully Threaded Tree Algorithms for Adaptive Refinement Fluid Dynamics Simulations",
	author = "A.M Khokhlov",
	year = "1998",
	journal = "Journal of Computational Physics",
	volume = "143",
	number = "2",
	pages = "519 - 543",
	url="http://www.sciencedirect.com/science/article/pii/S0021999198999983"
}

@mastersthesis{Yung2010,
	title = "Adaptive Mesh Method for Multiphase Flows",
	author= "H.Y. Yung",
	year  = 2010,
	institution = "Cambridge University"
}

@book{bader2013,
	title="Space-filling curves: an introduction with applications in scientific computing", 
	author="Michael Bader", 
	year="2013",
	ISBN="978-3642310454"
}

@article{butz71, 
	title="Alternative Algorithm for Hilbert's Space-Filling Curve", 
	author="A.R. Butz", 
	year="1971", 
	journal="IEEE Transactions on Computers", 
	volume="C-20", 
	number="4", 
	pages="424â€“426",
	url="http://www.cslab.ece.ntua.gr/twiki/pub/Collab/MultidimensionalIndexing/Alternative_Algorithm_for_Hilbert_s_Space_Filling_Curve.pdf"
}


@report{sundar2008, 
	title="Bottom Up Construction and 2:1 Balance Refinement of Linear Octrees in Parallel",
	author="Sundar, Hari and Sampath, Rahul S. and Biros, George",
	year="2008",
	institution="University of Pennsylvania",
	journal="Departmental Papers (MEAM)",
	volume="162",
	url="http://repository.upenn.edu/meam_papers/162"
}

@manual{boost16,
	title="Boost.MPI Library",
	author="Gregor, Douglas and Troyer, Matthias",
	year="2016",
	url="http://www.boost.org/doc/libs/1_63_0/doc/html/mpi.html"
}

@online{top500,
	title="Top500 Supercomputer Statistics - Clusters",
	author="{Top500 Project}",
	year="2016",
	url="https://www.top500.org/statistics/details/architecture/4"
}

@online{me17,
	title="TFTT Source Repository",
	author="Matt Diesel",
	year="2017",
	url="https://github.com/MattDiesel/tftt"
}

@online{mpi94,
	title="The Message Passing Interface (MPI) standard",
	author="{Argonne National Laboratory}",
	year="2012",
	url="http://www.mcs.anl.gov/research/projects/mpi/"
}


@article{pop03,
	title="Gerris: a tree-based adaptive solver for the incompressible Euler equations in complex geometries",
	author="Stephane Popinet",
	year="2003",
	journal="Journal of Computational Physics",
	url="http://www.sciencedirect.com/science/article/pii/S0021999103002985"
}

@reference{wm17,
	title="Hilbert Curve",
	author="Weisstein, Eric W.",
	institution="Wolfram Mathworld",
	year="2017",
	url="http://mathworld.wolfram.com/HilbertCurve.html"
}
